@misc{https://doi.org/10.48550/arxiv.1502.05336,
  doi = {10.48550/ARXIV.1502.05336},
  
  url = {https://arxiv.org/abs/1502.05336},
  
  author = {Hernández-Lobato, José Miguel and Adams, Ryan P.},
  
  keywords = {Machine Learning (stat.ML), FOS: Computer and information sciences, FOS: Computer and information sciences},
  
  title = {Probabilistic Backpropagation for Scalable Learning of Bayesian Neural Networks},
  
  publisher = {arXiv},
  
  year = {2015},
  
  copyright = {arXiv.org perpetual, non-exclusive license}
}
