@article{DBLP:journals/corr/abs-1912-03263,
  author    = {Will Grathwohl and
               Kuan{-}Chieh Wang and
               J{\"{o}}rn{-}Henrik Jacobsen and
               David Duvenaud and
               Mohammad Norouzi and
               Kevin Swersky},
  title     = {Your Classifier is Secretly an Energy Based Model and You Should Treat
               it Like One},
  journal   = {CoRR},
  volume    = {abs/1912.03263},
  year      = {2019},
  url       = {http://arxiv.org/abs/1912.03263},
  eprinttype = {arXiv},
  eprint    = {1912.03263},
  timestamp = {Tue, 07 Jan 2020 13:36:12 +0100},
  biburl    = {https://dblp.org/rec/journals/corr/abs-1912-03263.bib},
  bibsource = {dblp computer science bibliography, https://dblp.org}
}

@inproceedings{inproceedings,
author = {Lecun, Yann and Chopra, Sumit and Hadsell, Raia and Ranzato, Marc'Aurelio and Huang, Fu-Jie},
year = {2006},
month = {01},
pages = {},
title = {A Tutorial on Energy-Based Learning}
}

@misc{https://doi.org/10.48550/arxiv.1904.09770,
  doi = {10.48550/ARXIV.1904.09770},
  
  url = {https://arxiv.org/abs/1904.09770},
  
  author = {Nijkamp, Erik and Hill, Mitch and Zhu, Song-Chun and Wu, Ying Nian},
  
  keywords = {Machine Learning (stat.ML), Machine Learning (cs.LG), FOS: Computer and information sciences, FOS: Computer and information sciences},
  
  title = {Learning Non-Convergent Non-Persistent Short-Run MCMC Toward Energy-Based Model},
  
  publisher = {arXiv},
  
  year = {2019},
  
  copyright = {arXiv.org perpetual, non-exclusive license}
}
