@misc{phn,
  doi = {10.48550/ARXIV.2010.04104},
  
  url = {https://arxiv.org/abs/2010.04104},
  
  author = {Navon, Aviv and Shamsian, Aviv and Chechik, Gal and Fetaya, Ethan},
  
  keywords = {Machine Learning (cs.LG), FOS: Computer and information sciences, FOS: Computer and information sciences},
  
  title = {Learning the Pareto Front with Hypernetworks},
  
  publisher = {arXiv},
  
  year = {2020},
  
  copyright = {arXiv.org perpetual, non-exclusive license}
}
