@inproceedings{
michael2018on,
title={On the Information Bottleneck Theory of Deep Learning},
author={Andrew Michael Saxe and Yamini Bansal and Joel Dapello and Madhu Advani and Artemy Kolchinsky and Brendan Daniel Tracey and David Daniel Cox},
booktitle={International Conference on Learning Representations},
year={2018},
url={https://openreview.net/forum?id=ry_WPG-A-},
}
