@misc{mpnn,
  doi = {10.48550/ARXIV.1704.01212},
  
  url = {https://arxiv.org/abs/1704.01212},
  
  author = {Gilmer, Justin and Schoenholz, Samuel S. and Riley, Patrick F. and Vinyals, Oriol and Dahl, George E.},
  
  keywords = {Machine Learning (cs.LG), FOS: Computer and information sciences, FOS: Computer and information sciences, I.2.6},
  
  title = {Neural Message Passing for Quantum Chemistry},
  
  publisher = {arXiv},
  
  year = {2017},
  
  copyright = {arXiv.org perpetual, non-exclusive license}
}
